
2022-08-07 * "美团平台商户" "美团订单-22080711100401231244124419969544"
  time: "15:04:32"
  Assets:Bank:CMB  -52.50 CNY

2022-09-12 * "王大锤" "微信转账"
  time: "13:54:21"
  Assets:Bank:CMB  -30.00 CNY

2022-09-14 * "/" ""
  time: "17:34:02"
  Assets:Bank:CMB  200.00 CNY

2022-09-17 * "招商银行(1234)" ""
  time: "09:31:57"
  Assets:Bank:CMB  -5.22 CNY

2022-09-19 * "喜多多便利店" "二维码收款"
  time: "17:44:09"
  Assets:Bank:CMB  -28.50 CNY
